% Encoding: UTF-8

@Article{gougu,
  author  = {曲安京},
  title   = {商高、赵爽与刘徽关于勾股定理的证明},
  journal = {数学传播},
  year    = {1998},
  volume  = {20},
  number  = {3},
}

@Book{Latexrumen,
  title     = {LaTex入门},
  publisher = {电子工业出版社},
  year      = {2013},
  author    = {刘海洋},
}

@Misc{Wohleser2013Soybean,
  author    = {Wohleser, Heinrich S and Mask, Robert},
  title     = {Soybean variety S110149},
  year      = {2013},
  publisher = {US},
}

@Article{DBLP:journals/corr/abs-1802-09901,
  author        = {Quentin Debard and Christian Wolf and St{\'{e}}phane Canu and Julien Arn{\'{e}}},
  title         = {Learning to recognize touch gestures: recurrent vs. convolutional features and dynamic sampling},
  journal       = {CoRR},
  year          = {2018},
  volume        = {abs/1802.09901},
  archiveprefix = {arXiv},
  bibsource     = {dblp computer science bibliography, https://dblp.org},
  biburl        = {https://dblp.org/rec/bib/journals/corr/abs-1802-09901},
  eprint        = {1802.09901},
  timestamp     = {Tue, 06 Mar 2018 17:05:11 +0100},
  url           = {http://arxiv.org/abs/1802.09901},
}

@Comment{jabref-meta: databaseType:bibtex;}
